
    <zs:record>
      <zs:recordSchema/>
      <zs:recordPacking>xml</zs:recordPacking>
      <zs:recordData>
        <record xmlns="http://www.loc.gov/MARC21/slim">
          <leader>01511cam a22003858i 4500</leader>
          <controlfield tag="001">22455980</controlfield>
          <controlfield tag="005">20220307161654.0</controlfield>
          <controlfield tag="008">220307s2022    nyu     o     000 1 eng  </controlfield>
          <controlfield tag="006">m    |o  d |     </controlfield>
          <controlfield tag="007">cr_|||||||||||</controlfield>
          <datafield tag="906" ind1=" " ind2=" ">
            <subfield code="a">7</subfield>
            <subfield code="b">cbc</subfield>
            <subfield code="c">orignew</subfield>
            <subfield code="d">1</subfield>
            <subfield code="e">ecip</subfield>
            <subfield code="f">20</subfield>
            <subfield code="g">y-gencatlg</subfield>
          </datafield>
          <datafield tag="925" ind1="0" ind2=" ">
            <subfield code="a">acquire</subfield>
            <subfield code="e">ecip ebook</subfield>
            <subfield code="x">policy default</subfield>
          </datafield>
          <datafield tag="955" ind1=" " ind2=" ">
            <subfield code="a">ecip ebook 2022-03-07</subfield>
          </datafield>
          <datafield tag="010" ind1=" " ind2=" ">
            <subfield code="a">  2022005719</subfield>
          </datafield>
          <datafield tag="020" ind1=" " ind2=" ">
            <subfield code="a">9780593540916</subfield>
            <subfield code="q">(ebook)</subfield>
          </datafield>
          <datafield tag="020" ind1=" " ind2=" ">
            <subfield code="z">9780593540893</subfield>
            <subfield code="q">(hardcover)</subfield>
          </datafield>
          <datafield tag="040" ind1=" " ind2=" ">
            <subfield code="a">DLC</subfield>
            <subfield code="b">eng</subfield>
            <subfield code="c">DLC</subfield>
            <subfield code="e">rda</subfield>
          </datafield>
          <datafield tag="042" ind1=" " ind2=" ">
            <subfield code="a">pcc</subfield>
          </datafield>
          <datafield tag="043" ind1=" " ind2=" ">
            <subfield code="a">e-uk-ni</subfield>
          </datafield>
          <datafield tag="050" ind1="0" ind2="0">
            <subfield code="a">PR6111.E553</subfield>
          </datafield>
          <datafield tag="082" ind1="0" ind2="0">
            <subfield code="a">823/.92</subfield>
            <subfield code="2">23/eng/20220307</subfield>
          </datafield>
          <datafield tag="100" ind1="1" ind2=" ">
            <subfield code="a">Kennedy, Louise</subfield>
            <subfield code="c">(Ph. D.),</subfield>
            <subfield code="e">author.</subfield>
          </datafield>
          <datafield tag="245" ind1="1" ind2="0">
            <subfield code="a">Trespasses /</subfield>
            <subfield code="c">Louise Kennedy.</subfield>
          </datafield>
          <datafield tag="263" ind1=" " ind2=" ">
            <subfield code="a">2211</subfield>
          </datafield>
          <datafield tag="264" ind1=" " ind2="1">
            <subfield code="a">New York :</subfield>
            <subfield code="b">Riverhead Books,</subfield>
            <subfield code="c">2022.</subfield>
          </datafield>
          <datafield tag="300" ind1=" " ind2=" ">
            <subfield code="a">1 online resource</subfield>
          </datafield>
          <datafield tag="336" ind1=" " ind2=" ">
            <subfield code="a">text</subfield>
            <subfield code="b">txt</subfield>
            <subfield code="2">rdacontent</subfield>
          </datafield>
          <datafield tag="337" ind1=" " ind2=" ">
            <subfield code="a">computer</subfield>
            <subfield code="b">c</subfield>
            <subfield code="2">rdamedia</subfield>
          </datafield>
          <datafield tag="338" ind1=" " ind2=" ">
            <subfield code="a">online resource</subfield>
            <subfield code="b">cr</subfield>
            <subfield code="2">rdacarrier</subfield>
          </datafield>
          <datafield tag="520" ind1=" " ind2=" ">
            <subfield code="a">"Set in Northern Ireland during the Troubles, a shattering debut novel about a young woman caught between allegiance to community and unsanctioned love"--</subfield>
            <subfield code="c">Provided by publisher.</subfield>
          </datafield>
          <datafield tag="588" ind1=" " ind2=" ">
            <subfield code="a">Description based on print version record and CIP data provided by publisher; resource not viewed.</subfield>
          </datafield>
          <datafield tag="651" ind1=" " ind2="0">
            <subfield code="a">Northern Ireland</subfield>
            <subfield code="x">History</subfield>
            <subfield code="y">1968-1998</subfield>
            <subfield code="v">Fiction.</subfield>
          </datafield>
          <datafield tag="655" ind1=" " ind2="7">
            <subfield code="a">Historical fiction.</subfield>
            <subfield code="2">lcgft</subfield>
          </datafield>
          <datafield tag="776" ind1="0" ind2="8">
            <subfield code="i">Print version:</subfield>
            <subfield code="a">Kennedy, Louise</subfield>
            <subfield code="t">Trespasses</subfield>
            <subfield code="d">New York : Riverhead Books, 2022</subfield>
            <subfield code="z">9780593540893</subfield>
            <subfield code="w">(DLC) 2022005718</subfield>
          </datafield>
          <datafield tag="985" ind1=" " ind2=" ">
            <subfield code="a">LC online resource</subfield>
            <subfield code="d">2022-03-07</subfield>
          </datafield>
        </record>
      </zs:recordData>
      <zs:recordPosition>5</zs:recordPosition>
    </zs:record>